<record><leader>01156cam a2200337 a 4500</leader><controlfield tag="001">1399696</controlfield><controlfield tag="008">910903s1985    nyua     b      1 0 eng d</controlfield><datafield ind1=" " ind2=" " tag="010"><subfield code="a">   85006387</subfield></datafield><datafield ind1=" " ind2=" " tag="020"><subfield code="a">0471862568</subfield></datafield><datafield ind1=" " ind2=" " tag="035"><subfield code="a">ocm11916089</subfield></datafield><datafield ind1=" " ind2=" " tag="040"><subfield code="a">DLC</subfield><subfield code="b">eng</subfield><subfield code="c">DLC</subfield></datafield><datafield ind1=" " ind2=" " tag="049"><subfield code="a">AEU</subfield><subfield code="b">eng</subfield></datafield><datafield ind1="0" ind2="0" tag="050"><subfield code="a">QC311</subfield><subfield code="b">.C25 1985</subfield></datafield><datafield ind1="0" ind2=" " tag="082"><subfield code="a">536/.7</subfield><subfield code="2">19</subfield></datafield><datafield ind1="0" ind2=" " tag="090"><subfield code="a">QC 311 C15 1985</subfield><subfield code="b">AEU</subfield></datafield><datafield ind1="1" ind2=" " tag="100"><subfield code="a">Callen, Herbert B.</subfield></datafield><datafield ind1="1" ind2="0" tag="245"><subfield code="a">Thermodynamics and an introduction to thermostatistics /</subfield><subfield code="c">Herbert B. Callen.</subfield></datafield><datafield ind1=" " ind2=" " tag="250"><subfield code="a">2nd ed.</subfield></datafield><datafield ind1=" " ind2=" " tag="260"><subfield code="a">New York :</subfield><subfield code="b">Wiley,</subfield><subfield code="c">c1985.</subfield></datafield><datafield ind1=" " ind2=" " tag="300"><subfield code="a">xvi, 493 p. :</subfield><subfield code="b">ill. ;</subfield><subfield code="c">24 cm.</subfield></datafield><datafield ind1=" " ind2=" " tag="336"><subfield code="a">text</subfield><subfield code="b">txt</subfield><subfield code="2">rdacontent</subfield></datafield><datafield ind1=" " ind2=" " tag="337"><subfield code="a">unmediated</subfield><subfield code="b">n</subfield><subfield code="2">rdamedia</subfield></datafield><datafield ind1=" " ind2=" " tag="338"><subfield code="a">volume</subfield><subfield code="b">nc</subfield><subfield code="2">rdacarrier</subfield></datafield><datafield ind1=" " ind2=" " tag="500"><subfield code="a">Includes index.</subfield></datafield><datafield ind1=" " ind2=" " tag="504"><subfield code="a">Bibliography: p. 485-486.</subfield></datafield><datafield ind1=" " ind2=" " tag="596"><subfield code="a">48</subfield></datafield><datafield ind1=" " ind2="0" tag="650"><subfield code="a">Thermodynamics.</subfield></datafield><datafield ind1=" " ind2="0" tag="650"><subfield code="a">Statistical mechanics.</subfield></datafield><datafield ind1="0" ind2=" " tag="740"><subfield code="a">Thermostatistics.</subfield></datafield><datafield ind1=" " ind2=" " tag="926"><subfield code="a">QC 311 C15 1985</subfield><subfield code="w">LC</subfield><subfield code="c">1</subfield><subfield code="i">000037530649</subfield><subfield code="d">1/30/2017</subfield><subfield code="e">1/30/2017</subfield><subfield code="k">CHECKEDOUT</subfield><subfield code="l">ON_SHELF</subfield><subfield code="m">UASCITECH</subfield><subfield code="n">225</subfield><subfield code="p">$150.00</subfield><subfield code="r">M</subfield><subfield code="s">Y</subfield><subfield code="t">BOOK</subfield><subfield code="u">9/6/1991</subfield></datafield><datafield ind1=" " ind2=" " tag="926"><subfield code="a">QC 311 C15 1985</subfield><subfield code="w">LC</subfield><subfield code="c">2</subfield><subfield code="i">0162030122475</subfield><subfield code="d">3/7/2017</subfield><subfield code="e">2/7/2017</subfield><subfield code="l">ON_SHELF</subfield><subfield code="m">UASCITECH</subfield><subfield code="n">35</subfield><subfield code="r">Y</subfield><subfield code="s">Y</subfield><subfield code="t">BOOK</subfield><subfield code="u">2/14/2012</subfield></datafield></record>